<?xml version="1.0" encoding="UTF-8" ?><marc:collection xmlns:marc="http://www.loc.gov/MARC21/slim" xmlns:xsi="http://www.w3.org/2001/XMLSchema-instance" xsi:schemaLocation="http://www.loc.gov/MARC21/slim http://www.loc.gov/standards/marcxml/schema/MARC21slim.xsd">
<marc:record><marc:leader>03060cam a2200529Mi 4500</marc:leader>
<marc:controlfield tag="001">b12964591</marc:controlfield>
<marc:controlfield tag="003">UaCaAUL</marc:controlfield><marc:controlfield tag="005">20170214043848.0</marc:controlfield><marc:controlfield tag="008">030506s1906    ua            000 0 ara d</marc:controlfield><marc:datafield tag="035" ind1=" " ind2=" "><marc:subfield code="a">(OCoLC)318941371</marc:subfield></marc:datafield><marc:datafield tag="040" ind1=" " ind2=" "><marc:subfield code="a">MEAUC</marc:subfield><marc:subfield code="b">eng</marc:subfield><marc:subfield code="e">rda</marc:subfield><marc:subfield code="c">MEAUC</marc:subfield><marc:subfield code="d">OCLCQ</marc:subfield><marc:subfield code="d">OCLCO</marc:subfield><marc:subfield code="d">OCLCQ</marc:subfield><marc:subfield code="d">OCLCF</marc:subfield><marc:subfield code="d">MEAUC</marc:subfield></marc:datafield><marc:datafield tag="043" ind1=" " ind2=" "><marc:subfield code="a">aw-----</marc:subfield><marc:subfield code="a">ff-----</marc:subfield><marc:subfield code="a">e-sp---</marc:subfield></marc:datafield><marc:datafield tag="049" ind1=" " ind2=" "><marc:subfield code="a">MAIN</marc:subfield></marc:datafield><marc:datafield tag="050" ind1=" " ind2="4"><marc:subfield code="a">BJ2019.5.I8</marc:subfield><marc:subfield code="b">W3 1906</marc:subfield></marc:datafield><marc:datafield tag="066" ind1=" " ind2=" "><marc:subfield code="c">(3</marc:subfield></marc:datafield><marc:datafield tag="090" ind1=" " ind2=" "><marc:subfield code="a">BJ2019.5.I8</marc:subfield><marc:subfield code="b">W3 1906</marc:subfield></marc:datafield><marc:datafield tag="100" ind1="1" ind2=" "><marc:subfield code="6">880-01</marc:subfield><marc:subfield code="a">Washshāʼ, Muḥammad ibn Isḥāq ibn Yaḥyá,</marc:subfield><marc:subfield code="d">-936.</marc:subfield></marc:datafield><marc:datafield tag="240" ind1="1" ind2="0"><marc:subfield code="6">880-02</marc:subfield><marc:subfield code="a">Ẓurf wa-al-ẓurafāʻ</marc:subfield></marc:datafield><marc:datafield tag="245" ind1="1" ind2="0"><marc:subfield code="6">880-03</marc:subfield><marc:subfield code="a">Kitāb al-ẓurf wa-al-ẓurafāʼ /</marc:subfield><marc:subfield code="c">taʼlīf Abī al-ṭayyib Muḥammad bin Isḥāq bin Yaḥyá al-Washshāʼ aḥad aʼimmat al-adab fī al-qarn al-thālith.</marc:subfield></marc:datafield><marc:datafield tag="246" ind1="3" ind2=" "><marc:subfield code="a">Kitāb al-ẓarf wa-al-ẓurafāʼ.</marc:subfield></marc:datafield><marc:datafield tag="246" ind1="3" ind2=" "><marc:subfield code="a">Ẓarf wa-al-ẓurafāʼ.</marc:subfield></marc:datafield><marc:datafield tag="250" ind1=" " ind2=" "><marc:subfield code="6">880-04</marc:subfield><marc:subfield code="a">al-Ṭabʻah al-ūlá.</marc:subfield></marc:datafield><marc:datafield tag="264" ind1=" " ind2="1"><marc:subfield code="6">880-05</marc:subfield><marc:subfield code="a">Miṣr :</marc:subfield><marc:subfield code="b">al-Maṭbaʻah al-Ḥusaynīyah al-Miṣrīyah,</marc:subfield><marc:subfield code="c">1324 [1906]</marc:subfield></marc:datafield><marc:datafield tag="300" ind1=" " ind2=" "><marc:subfield code="a">159 pages ;</marc:subfield><marc:subfield code="c">23 cm.</marc:subfield></marc:datafield><marc:datafield tag="336" ind1=" " ind2=" "><marc:subfield code="a">text</marc:subfield><marc:subfield code="b">txt</marc:subfield><marc:subfield code="2">rdacontent.</marc:subfield></marc:datafield><marc:datafield tag="337" ind1=" " ind2=" "><marc:subfield code="a">unmediated</marc:subfield><marc:subfield code="b">n</marc:subfield><marc:subfield code="2">rdamedia.</marc:subfield></marc:datafield><marc:datafield tag="338" ind1=" " ind2=" "><marc:subfield code="a">volume</marc:subfield><marc:subfield code="b">nc</marc:subfield><marc:subfield code="2">rdacarrier.</marc:subfield></marc:datafield><marc:datafield tag="500" ind1=" " ind2=" "><marc:subfield code="6">880-06</marc:subfield><marc:subfield code="a">ʻAlá nafaqat Aḥmad Nājī al-Jamālī wa-Muḥammad Amīn al-Khānjī al-Kutubī wa-akhīh.</marc:subfield></marc:datafield><marc:datafield tag="500" ind1=" " ind2=" "><marc:subfield code="6">880-07</marc:subfield><marc:subfield code="a">Ṭubiʻa bi-al-Maṭbaʻah al-Ḥusaynīyah al-Miṣrīyah al-shahīrah allatī markazahā (bi-Kafr al-Ṭammāʻīn) bi-qurb al-mashāhid al-Ḥusaynīyah al-zāhirah al-munīrah, idārat Muḥammad ʻAbd al-Laṭīf al-Khaṭīb.</marc:subfield></marc:datafield><marc:datafield tag="500" ind1=" " ind2=" "><marc:subfield code="6">880-08</marc:subfield><marc:subfield code="a">Nushira ayḍan taḥta ʻunwān al-Muwashshá.</marc:subfield></marc:datafield><marc:datafield tag="650" ind1=" " ind2="0"><marc:subfield code="a">Islamic etiquette</marc:subfield><marc:subfield code="v">Early works to 1800.</marc:subfield></marc:datafield><marc:datafield tag="650" ind1=" " ind2="0"><marc:subfield code="a">Etiquette</marc:subfield><marc:subfield code="z">Islamic Empire</marc:subfield><marc:subfield code="v">Early works to 1800.</marc:subfield></marc:datafield><marc:datafield tag="651" ind1=" " ind2="0"><marc:subfield code="a">Islamic Empire</marc:subfield><marc:subfield code="x">Social life and customs</marc:subfield><marc:subfield code="v">Early works to 1800.</marc:subfield></marc:datafield><marc:datafield tag="740" ind1="3" ind2="2"><marc:subfield code="6">880-09</marc:subfield><marc:subfield code="a">al-Muwashshá.</marc:subfield></marc:datafield><marc:datafield tag="880" ind1="1" ind2="0"><marc:subfield code="6">240-02/(3/r</marc:subfield><marc:subfield code="a">الظرف والظرفاء.</marc:subfield></marc:datafield><marc:datafield tag="880" ind1="1" ind2=" "><marc:subfield code="6">100-01/(3/r</marc:subfield><marc:subfield code="a">وشاء، محمد بن اسحاق بن يحيى،‪</marc:subfield><marc:subfield code="d">936.</marc:subfield></marc:datafield><marc:datafield tag="880" ind1="1" ind2="0"><marc:subfield code="6">245-03/(3/r</marc:subfield><marc:subfield code="a">كتاب الظرف والظرفاء /‪</marc:subfield><marc:subfield code="c">تأليف أبي الطيب محمد بن اسحاق بن يحيى الوشاء أحد أئمة الادب في القرن الثالث..</marc:subfield></marc:datafield><marc:datafield tag="880" ind1=" " ind2=" "><marc:subfield code="6">250-04/(3/r</marc:subfield><marc:subfield code="a">الطبعة الأولى..</marc:subfield></marc:datafield><marc:datafield tag="880" ind1=" " ind2="1"><marc:subfield code="6">264-05/(3/r</marc:subfield><marc:subfield code="a">مصر :‪</marc:subfield><marc:subfield code="b">المطبعة الحسينية المصرية،‪</marc:subfield><marc:subfield code="c">1324 [1906]</marc:subfield></marc:datafield><marc:datafield tag="880" ind1=" " ind2=" "><marc:subfield code="6">500-06/(3/r</marc:subfield><marc:subfield code="a">على نفقة أحمد ناجي الجمالي ومحمد أمين الخانجي الكتبي وأخيه..</marc:subfield></marc:datafield><marc:datafield tag="880" ind1=" " ind2=" "><marc:subfield code="6">500-07/(3/r</marc:subfield><marc:subfield code="a">طبع بالمطبعة الحسينية المصرية الشهيرة التي مركزها (بكفر الطماعين) بقرب المشاهد الحسينية الزاهرة المنيرة، ادارة محمد عبد اللطيف الخطيب..</marc:subfield></marc:datafield><marc:datafield tag="880" ind1=" " ind2=" "><marc:subfield code="6">500-08/(3/r</marc:subfield><marc:subfield code="a">نشر أيضا تحت عنوان الموشى..</marc:subfield></marc:datafield><marc:datafield tag="880" ind1="2" ind2="2"><marc:subfield code="6">740-09/(3/r</marc:subfield><marc:subfield code="a">الموشى..</marc:subfield></marc:datafield><marc:datafield tag="907" ind1=" " ind2=" "><marc:subfield code="a">.b12964591</marc:subfield><marc:subfield code="b">main </marc:subfield></marc:datafield><marc:datafield tag="902" ind1=" " ind2=" "><marc:subfield code="a">170923</marc:subfield></marc:datafield><marc:datafield tag="998" ind1=" " ind2=" "><marc:subfield code="b">1</marc:subfield><marc:subfield code="c">030508</marc:subfield><marc:subfield code="d">m</marc:subfield><marc:subfield code="e">a</marc:subfield><marc:subfield code="f">-</marc:subfield><marc:subfield code="g">0</marc:subfield><marc:subfield code="k">TA</marc:subfield></marc:datafield><marc:datafield tag="945" ind1=" " ind2=" "><marc:subfield code="l">main </marc:subfield></marc:datafield></marc:record>
</marc:collection>
